@online{resistor-calculator,
    author       = {{Calculator.net}},
    title        = {{Resistor Calculator}},
    year         = {Accessed March, 2024},
    url          = {https://www.calculator.net/resistor-calculator.html},
    howpublished = "\url{https://www.calculator.net/resistor-calculator.html}",
}
